
@article{2018zhang,
 author = "X.-M. Zhang and Z.-W. Cui and X. Wang and M.-H. Yung",
 title = "Automatic spin-chain learning to explore the quantum speed limit",
 journal = "Physical Review",
 volume = "97",
 issue = "052333",
 year = 2018
}

@article{fosel2018reinforcement,
 author = "T. Fosel and P. Tighineanu and T. Weiss and F. Marquardt",
 title = "Reinforcement learning with neural networks for quantum feedback",
 journal = "Physical Review",
 volume = "8",
 issue = "031084",
 year = 2018
}

@article{halverson2019branes,
 author = "J. Halverson and B. Nelson and F. Ruehle",
 title = "Branes with brains: exploring string vacua with deep reinforcement learning",
 journal = "Journal of High Energy Physics",
 issue = "6",
 year = 2019
}

@article{nautrup2019optimizing,
 author = "N. D. Hendrik Poulsen Nautrup and V. Dunjko and H. J. Briegel and N. Friis",
 title = "Optimizing Quantum Error Correction Codes with Reinforcement Learning",
 journal = "Quantum",
 volume = "3",
 pages = "215",
 year = 2019
}

@article{melnikov2018active,
 author = "A. A. Melnikov and H. P. Nautrup and M. Krenn and V. Dunjko and M. Tiersch and A. Zeilinger and H. J. Briegel",
 title = "Active learning machine learns to create new quantum experiments",
 journal = "Proceedings of the National Academy of Sciences of the United States of America",
 volume = "115",
 number = "6",
 pages = "1221-1226",
 year = 2018
}

@article{bukov2018reinforcement,
 author = "M. Bukov and A. G. R. Day and D. Sels and P. Weinberg and A. Polkovnikov and P. Mehta",
 title = "Reinforcement Learning in Different Phases of Quantum Control",
 journal = "Physical Review",
 number = "3",
 year = 2018
}

@article{an2019deep,
 author = "Z. An and D. L. Zhou",
 title = "Deep reinforcement learning for quantum gate control",
 journal = "EPL",
 volume = "126",
 number = "60002",
 year = 2019
}

@article{2019zhang,
 author = "X.-M. Zhang and Z.-W. Cui and X. Wang and M.-H. Yung",
 title = "When does reinforcement learning stand out in quantum control? A comparative study on state preparation",
 journal = "NPJ Quantum Information",
 volume = "5",
 number = "85",
 year = 2019
}

@article{niu2019universal,
 author = "M. Y. Niu and S. Boixo and V. N. Smelyanskiy and H. Neven",
 title = "Universal quantum control through deep reinforcement learning",
 journal = "NPJ Quantum Information",
 volume = "5",
 number = "33",
 year = 2019
}

@article{aless2010topo,
author = "D'Alessandro, Domenico",
year = 2000,
pages = "213–221",
title = "Topological properties of reachable sets and the control of quantum bits",
volume = "41",
journal = "Systems \& Control Letters"
}

@book{d2007introduction,
title="Introduction to Quantum Control and Dynamics",
author="D'Alessandro, D.",
series="Chapman \& Hall/CRC Applied Mathematics \& Nonlinear Science",
year=2007,
publisher="Taylor \& Francis"
}

@inbook{w2007quantum,
publisher = "John Wiley \& Sons, Ltd",
title = "Quantum Noise and Error Correction",
booktitle = "Quantum Computing Explained",
chapter = "12",
pages = "251-278",
year = 2007
}

@article{Zaborniak2021,
title="Benchmarking Hamiltonian Noise in the D-Wave Quantum Annealer",
volume="2",
journal="IEEE Transactions on Quantum Engineering",
publisher="Institute of Electrical and Electronics Engineers (IEEE)",
author="Zaborniak, Tristan and de Sousa, Rogerio",
year=2021,
pages="1–6"
}