 @comment{ X.-M. Zhang, Z.-W. Cui, X. Wang and M.-H. Yung, "Automatic 
           spin-chain learning to explore the quantum speed limit," Physical 
           Review, vol. 97, no. 052333, 2018.  }
@article{2018zhang,
 author = "X.-M. Zhang and Z.-W. Cui and X. Wang and M.-H. Yung",
 title = "Automatic spin-chain learning to explore the quantum speed limit",
 journal = "Physical Review",
 volume = "97",
 issue = "052333",
 year = 2018
}
 @comment{ T. Fosel, P. Tighineanu, T. Weiss and F. Marquardt, "Reinforcement 
           learning with neural networks for quantum feedback," Physical 
           Review, vol. 8, no. 031084, 2018.  }
@article{fosel2018reinforcement,
 author = "T. Fosel and P. Tighineanu and T. Weiss and F. Marquardt",
 title = "Reinforcement learning with neural networks for quantum feedback",
 journal = "Physical Review",
 volume = "8",
 issue = "031084",
 year = 2018
}
 @comment{ J. Halverson, B. Nelson and F. Ruehle, "Branes with brains: 
           exploring string vacua with deep reinforcement learning," Journal 
           of High Energy Physics, no. 6, 2019.  }
@article{halverson2019branes,
 author = "J. Halverson and B. Nelson and F. Ruehle",
 title = "Branes with brains: exploring string vacua with deep reinforcement learning",
 journal = "Journal of High Energy Physics",
 issue = "6",
 year = 2019
}
 @comment{ N. D. Hendrik Poulsen Nautrup, V. Dunjko, H. J. Briegel and N. 
           Friis, "Optimizing Quantum Error Correction Codes with 
           Reinforcement Learning," Quantum, vol. 3, p. 215, 2019.  }
@article{nautrup2019optimizing,
 author = "N. D. Hendrik Poulsen Nautrup and V. Dunjko and H. J. Briegel and N. Friis",
 title = "Optimizing Quantum Error Correction Codes with Reinforcement Learning",
 journal = "Quantum",
 volume = "3",
 pages = "215",
 year = 2019
}
 @comment{ A. A. Melnikov, H. P. Nautrup, M. Krenn, V. Dunjko, M. Tiersch, A. 
           Zeilinger and H. J. Briegel, "Active learning machine learns to 
           create new quantum experiments," Proceedings of the National 
           Academy of Sciences of the United States of America, vol. 115, no. 
           6, pp. 1221-1226, 2018.  }
@article{melnikov2018active,
 author = "A. A. Melnikov and H. P. Nautrup and M. Krenn and V. Dunjko and M. Tiersch and A. Zeilinger and H. J. Briegel",
 title = "Active learning machine learns to create new quantum experiments",
 journal = "Proceedings of the National Academy of Sciences of the United States of America",
 volume = "115",
 number = "6",
 pages = "1221--1226",
 year = 2018
}
 @comment{ M. Bukov, A. G. R. Day, D. Sels, P. Weinberg, A. Polkovnikov and P. 
           Mehta, "Reinforcement Learning in Different Phases of Quantum 
           Control," Physical Review, no. 3, 2018.  }
@article{bukov2018reinforcement,
 author = "M. Bukov and A. G. R. Day and D. Sels and P. Weinberg and A. Polkovnikov and P. Mehta",
 title = "Reinforcement Learning in Different Phases of Quantum Control",
 journal = "Physical Review",
 number = "3",
 year = 2018
}
 @comment{ Z. An and D. L. Zhou, "Deep reinforcement learning for quantum gate 
           control," EPL, vol. 126, no. 60002, 2019.  }
@article{an2019deep,
 author = "Z. An and D. L. Zhou",
 title = "Deep reinforcement learning for quantum gate control",
 journal = "EPL",
 volume = "126",
 number = "60002",
 year = 2019
}
 @comment{ X.-M. Zhang, Z. Wei, R. Asad, X.-C. Yang and X. Wang, "When does 
           reinforcement learning stand out in quantum control? A comparative 
           study on state preparation," NPJ Quantum Information, vol. 5, no. 
           85, 2019.  }
@article{2019zhang,
 author = "X.-M. Zhang and Z.-W. Cui and X. Wang and M.-H. Yung",
 title = "When does reinforcement learning stand out in quantum control? A comparative study on state preparation",
 journal = "NPJ Quantum Information",
 volume = "5",
 number = "85",
 year = 2019
}
 @comment{ M. Y. Niu, S. Boixo, V. N. Smelyanskiy and H. Neven, "Universal 
           quantum control through deep reinforcement learning," NPJ Quantum 
           Information, vol. 5, no. 33, 2019.  }
@article{niu2019universal,
 author = "M. Y. Niu and S. Boixo and V. N. Smelyanskiy and H. Neven",
 title = "Universal quantum control through deep reinforcement learning",
 journal = "NPJ Quantum Information",
 volume = "5",
 number = "33",
 year = 2019
}